
@misc{OCPP-Chronicles_popularity,
	author = 	"Open Charge Alliance",
	title = 	"{OCPP-Chronicles}",
	pages =  	"5-6",
	URL = 		{https://www.openchargealliance.org/uploads/files/OCPP-Chronicles-2009-2023.pdf},
	addendum = 	"[Online; Stand: November 2023]"
}

@misc{rfc6455,
	series =    {Request for Comments},
	number =    6455,
	howpublished =  {RFC 6455},
	publisher = {RFC Editor},
	doi =       {10.17487/RFC6455},
	url =       {https://www.rfc-editor.org/info/rfc6455},
	author =    {Alexey Melnikov and Ian Fette},
	title =     {{The WebSocket Protocol}},
	year =      2011,
	month =     dec,
	addendum = 	"[Online; Stand: November 2023]"
}

@misc{OCPP-2.0.1-part0-introduction,
	series =    {OCPP-2.0.1},
	publisher = {Open Charge Alliance},
	url =       {https://www.openchargealliance.org/downloads/},
	author =    {Franc Buve, Paul Klapwijk, Robert de Leeuw},
	title =     {{OCPP-2.0.1-part0-introduction}},
	year =      2020,
	month =     mar,
	addendum = 	"[Online; Stand: Oktober 2023]"
}

@misc{OCPP-2.0.1-part1-architecture-topology,
	series =    {OCPP-2.0.1},
	publisher = {Open Charge Alliance},
	url =       {https://www.openchargealliance.org/downloads/},
	author =    {Franc Buve, Paul Klapwijk, Robert de Leeuw},
	title =     {{OCPP-2.0.1-part1-architecture-topology}},
	year =      2020,
	month =     mar,
	addendum = 	"[Online; Stand: Oktober 2023]"
}

@misc{OCPP-2.0.1-part4-ocpp-j-specification,
	series =    {OCPP-2.0.1},
	publisher = {Open Charge Alliance},
	url =       {https://www.openchargealliance.org/downloads/},
	author =    {Franc Buve, Paul Klapwijk, Robert de Leeuw},
	title =     {{OCPP-2.0.1-part4-ocpp-j-specification}},
	year =      2020,
	month =     mar,
	addendum = 	"[Online; Stand: Oktober 2023]"
}

@misc{OCPP-2.0.1-part2-specification-edition2,
	series =    {OCPP-2.0.1},
	publisher = {Open Charge Alliance},
	url =       {https://www.openchargealliance.org/downloads/},
	author =    {Franc Buve, Paul Klapwijk, Robert de Leeuw},
	title =     {{OCPP-2.0.1-part2-specification-edition2}},
	year =      2022,
	month =     dec,
	addendum = 	"[Online; Stand: Oktober 2023]"
}

@misc{OCPP-1.6-edition-2,
	series =    {OCPP-1.6},
	publisher = {Open Charge Alliance},
	url =       {https://www.openchargealliance.org/downloads/},
	author =    {Franc Buve, Paul Klapwijk, Robert de Leeuw},
	title =     {{OCPP-1.6-edition-2}},
	year =      2017,
	month =     sep,
	addendum = 	"[Online; Stand: Oktober 2023]"
}

@misc{OCPP-j-1.6-specification,
	series =    {OCPP-1.6},
	publisher = {Open Charge Alliance},
	url =       {https://www.openchargealliance.org/downloads/},
	author =    {Franc Buve, Paul Klapwijk, Robert de Leeuw},
	title =     {{OCPP-j-1.6-specification}},
	year =      2015,
	month =     oct,
	addendum = 	"[Online; Stand: Oktober 2023]"
}

@misc{OCPP-1.6-security-whitepaper-edition-3,
	series =    {OCPP-1.6},
	publisher = {Open Charge Alliance},
	url =       {https://www.openchargealliance.org/downloads/},
	author =    {Franc Buve, Paul Klapwijk, Robert de Leeuw},
	title =     {{OCPP 1.6 security whitepaper edition 3}},
	year =      2015,
	month =     oct,
	addendum = 	"[Online; Stand: Oktober 2023]"
}
%%@misc{Tiobe-index,
%	publisher = {TIOBE},
%	url =	{https://www.tiobe.com/tiobe-index/},
%	title = {TIOBE-index},
%	year = 2023,
%	month = nov,
%	addendum = "[Online; Stand: Dezember 2023]"
}

@misc{PYPL,
	publisher = {PopularitY of Programming Language},
	url =	{https://pypl.github.io/PYPL.html},
	title = {PopularitY of Programming Language},
	year = 2023,
	month = dec,
	addendum = "[Online; Stand: Dezember 2023]"
}

%%@misc{cpp-numof-bibs,
%	publisher = {cpprefrence.com},
%	url =	{https://en.cppreference.com/w/cpp/links/libs},
%	title = {A list of open source C++ libraries},
%	year = 2023,
%	month = nov,
%	addendum = "[Online; Stand: Dezember 2023]"
}

@misc{Qt-about,
	publisher = {The Qt Company Ltd},
	url =	{https://wiki.qt.io/About_Qt},
	title = {About Qt},
	year = 2022,
	month = jul,
	addendum = "[Online; Stand: Dezember 2023]"
}

@misc{Qt-signals-and-slots,
	publisher = {The Qt Company Ltd},
	url =	{https://doc.qt.io/qt-5/signalsandslots.html},
	title = {Signals and Slots},
	year = 2023,
	addendum = "[Online; Stand: Dezember 2023]"
}

@misc{Python-embedding,
	url =	{https://docs.python.org/3/extending/embedding.html},
	title = {Embedding Python in Another Application},
	year = 2023,
	addendum = "[Online; Stand: Dezember 2023]"
}

@misc{Java-embedding,
	url =	{https://docs.oracle.com/javase/1.5.0/docs/guide/jni/spec/invocation.html},
	title = {The Invocation API},
	year = 2010,
	addendum = "[Online; Stand: Dezember 2023]"

}

@misc{Open-ocpp,
	publisher = {GitHub.com},
	author = {c-jimenez},
	url =	{https://github.com/c-jimenez/open-ocpp},
	title = {Open-ocpp},
	year = 2023,
	month = oct,
	addendum = "[Online; Stand: Oktober 2023]"
}

@misc{Libocpp,
	publisher = {GitHub.com},
	author = {EVerest},
	url =	{https://github.com/EVerest/libocpp},
	title = {Libocpp},
	year = 2023,
	month = oct,
	addendum = "[Online; Stand: Oktober 2023]"
}

@misc{MicroOcpp,
	publisher = {GitHub.com},
	author = {matth-x},
	url =	{https://github.com/matth-x/MicroOcpp},
	title = {MicroOcpp},
	year = 2023,
	month = oct,
	addendum = "[Online; Stand: Oktober 2023]"
}

@misc{QWebsocketServer,
	publisher = {The Qt Company Ltd},
	url =	{https://doc.qt.io/qt-5/qwebsocketserver.html},
	title = {QWebSocketServer Class},
	year = 2023,
	addendum = "[Online; Stand: Dezember 2023]"
}

@misc{MicroOcpp-Simulator,
	publisher = {GitHub.com},
	author = {matth-x},
	url =	{https://github.com/matth-x/MicroOcpp},
	title = {MicroOcppSimulator},
	year = 2023,
	month = oct,
	addendum = "[Online; Stand: Oktober 2023]"
}

@misc{Mobilityhouse-ocpp,
	publisher = {GitHub.com},
	author = {The Mobility House},
	url =	{https://github.com/mobilityhouse/ocpp},
	title = {Mobilityhouse-ocpp},
	year = 2023,
	month = oct,
	addendum = "[Online; Stand: Oktober 2023]"
}

@misc{Java-OCA,
	publisher = {GitHub.com},
	author = {Charge Time},
	url =	{https://github.com/ChargeTimeEU/Java-OCA-OCPP},
	title = {Java-OCA-OCPP},
	year = 2023,
	month = oct,
	addendum = "[Online; Stand: Oktober 2023]"
}


@misc{Boost-beast,
	publisher = {GitHub.com},
	author = {Boost.org},
	url =	{https://github.com/boostorg/beast},
	title = {beast},
	year = 2023,
	month = oct,
	addendum = "[Online; Stand: Oktober 2023]"
}

@misc{MIT-Lizenz,
	publisher = {spdx.dev},
	author = {SPDX Working Group},
	url =	{https://spdx.org/licenses/MIT.html},
	title = {MIT License},
	year = 2023,
	month = oct,
	addendum = "[Online; Stand: Oktober 2023]"
}

@misc{Websocketpp,
	publisher = {https://github.com},
	author = {Peter Thorson},
	url =	{https://github.com/zaphoyd/websocketpp},
	title = {websocketpp},
	year = 2023,
	month = oct,
	addendum = "[Online; Stand: Oktober 2023]"
}

@misc{Eigene_Darstellung,
	author = {Nico Finkbeiner},
	title = {Eigene Darstellung},
	year = 2023
}

@book{Basis_Tests,
	author = {Andreas Spillner, Tilo Linz},
	title = {Basiswissen Softwaretest : Aus- und Weiterbildung zum Certified Tester – Foundation Level nach ISTQB®-Standard},
	year = 2019,
	publisher = {dpunkt.verlag},
	editition = {6},
	url = {https://ebookcentral.proquest.com/lib/htwg-konstanz/detail.action?docID=5785600#},
	note = {ISBN: 9783960885016, [Online; Stand: Dezember 2023}
}

@book{Lastenheft_Software,
	author = {Kunde},
	title = {Lastenheft Software},
	year = 2021,
	publisher = {Interne Dokumente}
}


@misc{Ba_Miriam,
	author = {Miriam Astor},
	title = {Testkonzeption und -integration für die inkrementelle Entwicklung eines Softwaresystems},
	publisher = {interne Dokumente},
	month = sep,
	year = 2023
}

@misc{Swiss_sign,
	author = {SwissSign AG},
	title = {DV SSL Silver Single-Domain},
	publisher = {SwissSign AG},
	url = {https://www.swisssign.com/ssl/ssl-silver.html},
	year = 2023,
	addendum = "[Online; Stand: Dezember 2023]"
}

@misc{websocketpp_faq,
	publisher = {Peter Thorson},
	author = {Peter Thorson},
	url =	{https://docs.websocketpp.org},
	title = {Websocketpp Documentation},
	addendum = "[Online; Stand: Oktober 2023]"
}

@ARTICLE{ocpp_ieee,
	author={Garofalaki, Zacharenia and Kosmanos, Dimitrios and Moschoyiannis, Sotiris and Kallergis, Dimitrios and Douligeris, Christos},
	journal={IEEE Communications Surveys \& Tutorials}, 
	title={Electric Vehicle Charging: A Survey on the Security Issues and Challenges of the Open Charge Point Protocol (OCPP)}, 
	year={2022},
	volume={24},
	number={3},
	pages={1504-1533},
	doi={10.1109/COMST.2022.3184448}}
}

@misc{Patent_Zapfsauele,
	publisher = {Google Patents},
	author = {Felix Mueller, Rolf Hengstler, Frank Kemnitz},
	url =	{https://patents.google.com/patent/DE3640576C2/de},
	title = {Meßmodul für Zapfsäulen mit elektronischem Preisrechner},
	month = nov,
	year = 1986,
	addendum = "[Online; Stand: Dezember 2023]"
}

@book{Wallbe_Steuerung,
	publisher = {Phoenix Contact GmbH \& Co. KG },
	author = {Phoenix Contact GmbH \& Co. KG },
	url = {https://www.phoenixcontact.com/de-de/produkte/ac-ladesteuerung-ev-cc-ac1-m3-rcm-eth-xp-1139449},
	title = {Installation und Inbetriebnahme der Ladesteuerung EV Charge Control},
	month = sep,
	year = 2020,
	addendum = "[Online; Stand: Dezember 2023]"
}

@book{Konzept,
	author = {Konzept Informationssysteme GmbH},
	title = {Tankautomat Software},
	year = 2023,
	publisher = {Interne Quelle}
}

@book{Kunde_Weboberflaeche,
	author = {Partnerunternehmen},
	title = {Weboberfläche},
	year = 2023,
	publisher = {Kunde}
}

@book{GNU_LGPL2_1,
	author = {Free Software Foundation, Inc},
	title = {GNU Lesser General Public License},
	year = 1999,
	month = feb,
	publisher = {Free Software Foundation, Inc},
	url = {https://www.gnu.org/licenses/old-licenses/lgpl-2.1.de.html},
	addendum = "[Online; Stand: Dezember 2023]"
}

@misc{QTest,
	publisher = {The Qt Company Ltd},
	url =	{https://doc.qt.io/qt-5/qtest-overview.html},
	title = {Qt Test Overview},
	year = 2023,
	addendum = "[Online; Stand: Dezember 2023]"
}

@book{Quelle_kontinuierliche_Integration,
	author = {GitLab},
	title = {CI/CD explained},
	year = 2023,
	publisher = {gitlab.com},
	url = {https://about.gitlab.com/topics/ci-cd/},
	addendum = "[Online; Stand: Dezember 2023]"
}